<record><leader>00000cas a22000007a 4500</leader><controlfield tag="001">18478645</controlfield><controlfield tag="008">880913d19511983aruwr ne      0    0eng d</controlfield><datafield ind1=" " ind2=" " tag="010"><subfield code="a">sn 88051078 </subfield></datafield><datafield ind1=" " ind2=" " tag="040"><subfield code="a">ANU</subfield><subfield code="b">eng</subfield><subfield code="c">ANU</subfield><subfield code="d">OCLCQ</subfield></datafield><datafield ind1=" " ind2=" " tag="042"><subfield code="a">msc</subfield></datafield><datafield ind1="0" ind2=" " tag="130"><subfield code="a">Crawford County bulletin (Mulberry, Ark. : 1951)</subfield></datafield><datafield ind1="1" ind2="0" tag="245"><subfield code="a">Crawford County bulletin.</subfield></datafield><datafield ind1=" " ind2=" " tag="260"><subfield code="a">Mulberry, Ark. :</subfield><subfield code="b">J.R. Massey</subfield></datafield><datafield ind1=" " ind2=" " tag="300"><subfield code="a">v.</subfield></datafield><datafield ind1=" " ind2=" " tag="310"><subfield code="a">Weekly</subfield></datafield><datafield ind1="0" ind2=" " tag="362"><subfield code="a">Vol. 4, no. 35 (May 24, 1951)-v. 4, no. 42 (Aug. 23, 1951) ; v. 1, no. 26 (Nov. 8, 1951)-v. 31, no. 33 (Aug. 11, 1983).</subfield></datafield><datafield ind1=" " ind2=" " tag="515"><subfield code="a">Suspended Aug.-Sept. 1955.</subfield></datafield><datafield ind1=" " ind2=" " tag="752"><subfield code="a">United States</subfield><subfield code="b">Arkansas</subfield><subfield code="c">Crawford</subfield><subfield code="d">Mulberry.</subfield></datafield><datafield ind1="0" ind2="0" tag="780"><subfield code="t">Mulberry journal</subfield><subfield code="w">(DLC)sn 88051077</subfield></datafield></record>